<?xml version="1.0" encoding="UTF-8"?><collection xmlns="http://www.loc.gov/MARC21/slim"><record><leader>00379nam--2200169-u-4500</leader><controlfield tag="001">000051210</controlfield><controlfield tag="002">20161230</controlfield><controlfield tag="005">20161230201049</controlfield><controlfield tag="008">080602s1000------------r-----000-0-eng-d</controlfield><datafield ind1=" " ind2=" " tag="040"><subfield code="a">IFIN-HH</subfield></datafield><datafield ind1=" " ind2=" " tag="080"><subfield code="a">514</subfield></datafield><datafield ind1="1" ind2=" " tag="100"><subfield code="a">Modenov, P.S</subfield></datafield><datafield ind1="1" ind2="o" tag="245"><subfield code="a">Zadach po Geometrii</subfield></datafield><datafield ind1=" " ind2=" " tag="260"><subfield code="a">Moskva</subfield><subfield code="b">Nauka</subfield><subfield code="c">1979</subfield></datafield><datafield ind1=" " ind2=" " tag="300"><subfield code="a">365</subfield></datafield><datafield ind1=" " ind2=" " tag="852"><subfield code="a">80646</subfield><subfield code="c">513</subfield></datafield><datafield ind1=" " ind2=" " tag="CAT"><subfield code="a">Sys</subfield><subfield code="c">20080602</subfield><subfield code="h">083239</subfield></datafield></record></collection>